
@inproceedings{dessein2014seamless,
  title={Seamless texture stitching on a 3D mesh by Poisson blending in patches},
  author={Dessein, Arnaud and Smith, William AP and Wilson, Richard C and Hancock, Edwin R},
  booktitle={2014 IEEE International Conference on Image Processing (ICIP)},
  pages={2031--2035},
  year={2014},
  organization={IEEE}
}

@article{zhou2014color,
  title={Color map optimization for 3D reconstruction with consumer depth cameras},
  author={Zhou, Qian-Yi and Koltun, Vladlen},
  journal={ACM Transactions on Graphics (TOG)},
  volume={33},
  number={4},
  pages={155},
  year={2014},
  publisher={ACM}
}

@article{huang20173dlite,
  title={3Dlite: towards commodity 3D scanning for content creation.},
  author={Huang, Jingwei and Dai, Angela and Guibas, Leonidas J and Nie{\ss}ner, Matthias},
  journal={ACM Trans. Graph.},
  volume={36},
  number={6},
  pages={203--1},
  year={2017}
}


@article{whelan2015elasticfusion,
	title={ElasticFusion: Dense SLAM without a pose graph},
	author={Whelan, Thomas and Leutenegger, Stefan and Salas-Moreno, Renato F and Glocker, Ben and Davison, Andrew J},
	journal={Proc. Robotics: Science and Systems, Rome, Italy},
	year={2015}
}


@article{bi2017patch,
  title={Patch-based optimization for image-based texture mapping.},
  author={Bi, Sai and Kalantari, Nima Khademi and Ramamoorthi, Ravi},
  journal={ACM Trans. Graph.},
  volume={36},
  number={4},
  pages={106--1},
  year={2017}
}

@article{hedman2016scalable,
  title={Scalable inside-out image-based rendering},
  author={Hedman, Peter and Ritschel, Tobias and Drettakis, George and Brostow, Gabriel},
  journal={ACM Transactions on Graphics (TOG)},
  volume={35},
  number={6},
  pages={231},
  year={2016},
  publisher={ACM}
}

@inproceedings{hedman2018deep,
  title={Deep blending for free-viewpoint image-based rendering},
  author={Hedman, Peter and Philip, Julien and Price, True and Frahm, Jan-Michael and Drettakis, George and Brostow, Gabriel},
  booktitle={SIGGRAPH Asia 2018 Technical Papers},
  pages={257},
  year={2018},
  organization={ACM}
}

@article{thies2019deferred,
  title={Deferred Neural Rendering: Image Synthesis using Neural Textures},
  author={Thies, Justus and Zollh{\"o}fer, Michael and Nie{\ss}ner, Matthias},
  journal={arXiv preprint arXiv:1904.12356},
  year={2019}
}

@article{aliev2019neural,
  title={Neural Point-Based Graphics},
  author={Aliev, Kara-Ali and Ulyanov, Dmitry and Lempitsky, Victor},
  journal={arXiv preprint arXiv:1906.08240},
  year={2019}
}

@inproceedings{goodfellow2014generative,
  title={Generative adversarial nets},
  author={Goodfellow, Ian and Pouget-Abadie, Jean and Mirza, Mehdi and Xu, Bing and Warde-Farley, David and Ozair, Sherjil and Courville, Aaron and Bengio, Yoshua},
  booktitle={Advances in neural information processing systems},
  pages={2672--2680},
  year={2014}
}

@inproceedings{isola2017image,
  title={Image-to-image translation with conditional adversarial networks},
  author={Isola, Phillip and Zhu, Jun-Yan and Zhou, Tinghui and Efros, Alexei A},
  booktitle={Proceedings of the IEEE conference on computer vision and pattern recognition},
  pages={1125--1134},
  year={2017}
}

@article{chang2015shapenet,
  title={Shapenet: An information-rich 3d model repository},
  author={Chang, Angel X and Funkhouser, Thomas and Guibas, Leonidas and Hanrahan, Pat and Huang, Qixing and Li, Zimo and Savarese, Silvio and Savva, Manolis and Song, Shuran and Su, Hao and others},
  journal={arXiv preprint arXiv:1512.03012},
  year={2015}
}

@inproceedings{dai2017scannet,
  title={Scannet: Richly-annotated 3d reconstructions of indoor scenes},
  author={Dai, Angela and Chang, Angel X and Savva, Manolis and Halber, Maciej and Funkhouser, Thomas and Nie{\ss}ner, Matthias},
  booktitle={Proceedings of the IEEE Conference on Computer Vision and Pattern Recognition},
  pages={5828--5839},
  year={2017}
}

@article{franken2005minimizing,
  title={Minimizing user intervention in registering 2D images to 3D models},
  author={Franken, Thomas and Dellepiane, Matteo and Ganovelli, Fabio and Cignoni, Paolo and Montani, Claudio and Scopigno, Roberto},
  journal={The Visual Computer},
  volume={21},
  number={8-10},
  pages={619--628},
  year={2005},
  publisher={Springer}
}
@article{ofek1997multiresolution,
  title={Multiresolution textures from image sequences},
  author={Ofek, Eyal and Shilat, Erez and Rappoport, Ari and Werman, Michael},
  journal={IEEE Computer Graphics and Applications},
  volume={2},
  pages={18--29},
  year={1997},
  publisher={IEEE}
}

@inproceedings{pighin2006synthesizing,
  title={Synthesizing realistic facial expressions from photographs},
  author={Pighin, Fr{\'e}d{\'e}ric and Hecker, Jamie and Lischinski, Dani and Szeliski, Richard and Salesin, David H},
  booktitle={ACM SIGGRAPH 2006 Courses},
  pages={19},
  year={2006},
  organization={ACM}
}

@article{bernardini2001high,
  title={High-quality texture reconstruction from multiple scans},
  author={Bernardini, Fausto and Martin, Ioana M. and Rushmeier, Holly},
  journal={IEEE Transactions on Visualization and Computer Graphics},
  volume={7},
  number={4},
  pages={318--332},
  year={2001},
  publisher={IEEE}
}
@article{pulli2000surface,
  title={Surface reconstruction and display from range and color data},
  author={Pulli, Kari and Shapiro, Linda G},
  journal={Graphical Models},
  volume={62},
  number={3},
  pages={165--201},
  year={2000},
  publisher={Elsevier}
}

@inproceedings{buehler2001unstructured,
  title={Unstructured lumigraph rendering},
  author={Buehler, Chris and Bosse, Michael and McMillan, Leonard and Gortler, Steven and Cohen, Michael},
  booktitle={Proceedings of the 28th annual conference on Computer graphics and interactive techniques},
  pages={425--432},
  year={2001},
  organization={ACM}
}
@book{carranza2003free,
  title={Free-viewpoint video of human actors},
  author={Carranza, Joel and Theobalt, Christian and Magnor, Marcus A and Seidel, Hans-Peter},
  volume={22},
  number={3},
  year={2003},
  publisher={ACM}
}
@inproceedings{wood2000surface,
  title={Surface light fields for 3D photography},
  author={Wood, Daniel N and Azuma, Daniel I and Aldinger, Ken and Curless, Brian and Duchamp, Tom and Salesin, David H and Stuetzle, Werner},
  booktitle={Proceedings of the 27th annual conference on Computer graphics and interactive techniques},
  pages={287--296},
  year={2000},
  organization={ACM Press/Addison-Wesley Publishing Co.}
}
@article{chen2018deep,
  title={Deep surface light fields},
  author={Chen, Anpei and Wu, Minye and Zhang, Yingliang and Li, Nianyi and Lu, Jie and Gao, Shenghua and Yu, Jingyi},
  journal={Proceedings of the ACM on Computer Graphics and Interactive Techniques},
  volume={1},
  number={1},
  pages={14},
  year={2018},
  publisher={ACM}
}
@inproceedings{sitzmann2019deepvoxels,
  title={Deepvoxels: Learning persistent 3d feature embeddings},
  author={Sitzmann, Vincent and Thies, Justus and Heide, Felix and Nie{\ss}ner, Matthias and Wetzstein, Gordon and Zollhofer, Michael},
  booktitle={Proceedings of the IEEE Conference on Computer Vision and Pattern Recognition},
  pages={2437--2446},
  year={2019}
}
@inproceedings{dosovitskiy2016generating,
  title={Generating images with perceptual similarity metrics based on deep networks},
  author={Dosovitskiy, Alexey and Brox, Thomas},
  booktitle={Advances in neural information processing systems},
  pages={658--666},
  year={2016}
}
@inproceedings{johnson2016perceptual,
  title={Perceptual losses for real-time style transfer and super-resolution},
  author={Johnson, Justin and Alahi, Alexandre and Fei-Fei, Li},
  booktitle={European conference on computer vision},
  pages={694--711},
  year={2016},
  organization={Springer}
}
@article{karras2017progressive,
  title={Progressive growing of gans for improved quality, stability, and variation},
  author={Karras, Tero and Aila, Timo and Laine, Samuli and Lehtinen, Jaakko},
  journal={arXiv preprint arXiv:1710.10196},
  year={2017}
}
@inproceedings{zhu2017unpaired,
  title={Unpaired image-to-image translation using cycle-consistent adversarial networks},
  author={Zhu, Jun-Yan and Park, Taesung and Isola, Phillip and Efros, Alexei A},
  booktitle={Proceedings of the IEEE international conference on computer vision},
  pages={2223--2232},
  year={2017}
}
@inproceedings{salimans2016improved,
  title={Improved techniques for training gans},
  author={Salimans, Tim and Goodfellow, Ian and Zaremba, Wojciech and Cheung, Vicki and Radford, Alec and Chen, Xi},
  booktitle={Advances in neural information processing systems},
  pages={2234--2242},
  year={2016}
}
@article{vu2011bf,
  title={S3: A Spectral and Spatial Measure of Local Perceived Sharpness in Natural Images},
  author={Vu, Cuong T and Phan, Thien D and Chandler, Damon M},
  journal={IEEE transactions on image processing},
  volume={21},
  number={3},
  pages={934--945},
  year={2011},
  publisher={IEEE}
}
@inproceedings{zhang2018unreasonable,
  title={The unreasonable effectiveness of deep features as a perceptual metric},
  author={Zhang, Richard and Isola, Phillip and Efros, Alexei A and Shechtman, Eli and Wang, Oliver},
  booktitle={Proceedings of the IEEE Conference on Computer Vision and Pattern Recognition},
  pages={586--595},
  year={2018}
}
@article{xu2019deep,
  title={Deep view synthesis from sparse photometric images},
  author={Xu, Zexiang and Bi, Sai and Sunkavalli, Kalyan and Hadap, Sunil and Su, Hao and Ramamoorthi, Ravi},
  journal={ACM Transactions on Graphics (TOG)},
  volume={38},
  number={4},
  pages={76},
  year={2019},
  publisher={ACM}
}
@inproceedings{lempitsky2007seamless,
  title={Seamless mosaicing of image-based texture maps},
  author={Lempitsky, Victor and Ivanov, Denis},
  booktitle={2007 IEEE Conference on Computer Vision and Pattern Recognition},
  pages={1--6},
  year={2007},
  organization={IEEE}
}
@inproceedings{sinha2008interactive,
  title={Interactive 3D architectural modeling from unordered photo collections},
  author={Sinha, Sudipta N and Steedly, Drew and Szeliski, Richard and Agrawala, Maneesh and Pollefeys, Marc},
  booktitle={ACM Transactions on Graphics (TOG)},
  volume={27},
  pages={159},
  year={2008},
  organization={ACM}
}
@article{velho2007projective,
  title={Projective texture atlas construction for 3D photography},
  author={Velho, Luiz and Sossai Jr, Jonas},
  journal={The Visual Computer},
  volume={23},
  number={9-11},
  pages={621--629},
  year={2007},
  publisher={Springer}
}
@inproceedings{waechter2014let,
  title={Let there be color! Large-scale texturing of 3D reconstructions},
  author={Waechter, Michael and Moehrle, Nils and Goesele, Michael},
  booktitle={European Conference on Computer Vision},
  pages={836--850},
  year={2014},
  organization={Springer}
}
@article{boykov2001fast,
  title={Fast approximate energy minimization via graph cuts},
  author={Boykov, Yuri and Veksler, Olga and Zabih, Ramin},
  journal={IEEE Transactions on pattern analysis and machine intelligence},
  volume={23},
  number={11},
  pages={1222--1239},
  year={2001},
  publisher={IEEE}
}
@article{de2003improved,
  title={Improved signal-to-noise ratio in spectral-domain compared with time-domain optical coherence tomography},
  author={De Boer, Johannes F and Cense, Barry and Park, B Hyle and Pierce, Mark C and Tearney, Guillermo J and Bouma, Brett E},
  journal={Optics letters},
  volume={28},
  number={21},
  pages={2067--2069},
  year={2003},
  publisher={Optical Society of America}
}
@article{brunet2011mathematical,
  title={On the mathematical properties of the structural similarity index},
  author={Brunet, Dominique and Vrscay, Edward R and Wang, Zhou},
  journal={IEEE Transactions on Image Processing},
  volume={21},
  number={4},
  pages={1488--1499},
  year={2011},
  publisher={IEEE}
}
@inproceedings{simakov2008summarizing,
  title={Summarizing visual data using bidirectional similarity},
  author={Simakov, Denis and Caspi, Yaron and Shechtman, Eli and Irani, Michal},
  booktitle={2008 IEEE Conference on Computer Vision and Pattern Recognition},
  pages={1--8},
  year={2008},
  organization={IEEE}
}

@article{armeni2017joint,
  title={Joint 2d-3d-semantic data for indoor scene understanding},
  author={Armeni, Iro and Sax, Sasha and Zamir, Amir R and Savarese, Silvio},
  journal={arXiv preprint arXiv:1702.01105},
  year={2017}
}

@inproceedings{riegler2017octnet,
  title={Octnet: Learning deep 3d representations at high resolutions},
  author={Riegler, Gernot and Ulusoy, Ali Osman and Geiger, Andreas},
  booktitle={Proceedings of the IEEE Conference on Computer Vision and Pattern Recognition},
  volume={3},
  year={2017}
}

@inproceedings{dai2017shape,
  title={Shape completion using 3d-encoder-predictor cnns and shape synthesis},
  author={Dai, Angela and Qi, Charles Ruizhongtai and Nie{\ss}ner, Matthias},
  booktitle={Proc. IEEE Conf. on Computer Vision and Pattern Recognition (CVPR)},
  volume={3},
  year={2017}
}

@inproceedings{song2015sun,
  title={Sun rgb-d: A rgb-d scene understanding benchmark suite},
  author={Song, Shuran and Lichtenberg, Samuel P and Xiao, Jianxiong},
  booktitle={Proceedings of the IEEE conference on computer vision and pattern recognition},
  pages={567--576},
  year={2015}
}


@inproceedings{song2017semantic,
  title={Semantic scene completion from a single depth image},
  author={Song, Shuran and Yu, Fisher and Zeng, Andy and Chang, Angel X and Savva, Manolis and Funkhouser, Thomas},
  booktitle={Computer Vision and Pattern Recognition (CVPR), 2017 IEEE Conference on},
  pages={190--198},
  year={2017},
  organization={IEEE}
}

@inproceedings{dai2018scancomplete,
    title={ScanComplete: Large-Scale Scene Completion and Semantic Segmentation for 3D Scans},
    author={Dai, Angela and Ritchie, Daniel and Bokeloh, Martin and Reed, Scott and Sturm, J{\"u}rgen and Nie{\ss}ner, Matthias},
    booktitle = {Proc. Computer Vision and Pattern Recognition (CVPR), IEEE},
    year = {2018}
}

@inproceedings{wu20153d,
  title={3d shapenets: A deep representation for volumetric shapes},
  author={Wu, Zhirong and Song, Shuran and Khosla, Aditya and Yu, Fisher and Zhang, Linguang and Tang, Xiaoou and Xiao, Jianxiong},
  booktitle={Proceedings of the IEEE conference on computer vision and pattern recognition},
  pages={1912--1920},
  year={2015}
}

@inproceedings{qi2016volumetric,
  author = {Charles Ruizhongtai Qi and Hao Su and Matthias Nie{\ss}ner and Angela Dai and Mengyuan Yan and Leonidas Guibas},
  title = {Volumetric and Multi-View CNNs for Object Classification on 3D Data},
  booktitle = {Proc. Computer Vision and Pattern Recognition (CVPR), IEEE},
  year = {2016}
}

@article{kahler2015very,
  title={Very high frame rate volumetric integration of depth images on mobile devices},
  author={K{\"a}hler, Olaf and Prisacariu, Victor Adrian and Ren, Carl Yuheng and Sun, Xin and Torr, Philip and Murray, David},
  journal={IEEE transactions on visualization and computer graphics},
  volume={21},
  number={11},
  pages={1241--1250},
  year={2015},
  publisher={IEEE}
}

@article{whelan2016elasticfusion,
  title={ElasticFusion: Real-time dense SLAM and light source estimation},
  author={Whelan, Thomas and Salas-Moreno, Renato F and Glocker, Ben and Davison, Andrew J and Leutenegger, Stefan},
  journal={The International Journal of Robotics Research},
  volume={35},
  number={14},
  pages={1697--1716},
  year={2016},
  publisher={SAGE Publications Sage UK: London, England}
}

@article{dai2017bundlefusion,
  title={Bundlefusion: Real-time globally consistent 3d reconstruction using on-the-fly surface reintegration},
  author={Dai, Angela and Nie{\ss}ner, Matthias and Zollh{\"o}fer, Michael and Izadi, Shahram and Theobalt, Christian},
  journal={ACM Transactions on Graphics (TOG)},
  volume={36},
  number={4},
  pages={76a},
  year={2017},
  publisher={ACM}
}

@inproceedings{curless1996volumetric,
  title={A volumetric method for building complex models from range images},
  author={Curless, Brian and Levoy, Marc},
  booktitle={Proceedings of the 23rd annual conference on Computer graphics and interactive techniques},
  pages={303--312},
  year={1996},
  organization={ACM}
}

@inproceedings{lorensen1987marching,
  title={Marching cubes: A high resolution 3D surface construction algorithm},
  author={Lorensen, William E and Cline, Harvey E},
  booktitle={ACM siggraph computer graphics},
  volume={21},
  number={4},
  pages={163--169},
  year={1987},
  organization={ACM}
}

@article{heckbert1986survey,
  title={Survey of texture mapping},
  author={Heckbert, Paul S},
  journal={IEEE computer graphics and applications},
  volume={6},
  number={11},
  pages={56--67},
  year={1986},
  publisher={IEEE}
}

@article{gu2002geometry,
  title={Geometry images},
  author={Gu, Xianfeng and Gortler, Steven J and Hoppe, Hugues},
  journal={ACM Transactions on Graphics (TOG)},
  volume={21},
  number={3},
  pages={355--361},
  year={2002},
  publisher={ACM}
}

@article{ray2008n,
  title={$N$-symmetry direction field design},
  author={Ray, Nicolas and Vallet, Bruno and Li, Wan Chiu and L{\'e}vy, Bruno},
  journal={ACM Transactions on Graphics (TOG)},
  volume={27},
  number={2},
  pages={10},
  year={2008},
  publisher={ACM}
}

@inproceedings{huang2018quadriflow,
  title={QuadriFlow: A Scalable and Robust Method for Quadrangulation},
  author={Huang, Jingwei and Zhou, Yichao and Nie{\ss}ner, Matthias and Shewchuk, Jonathan Richard and Guibas, Leonidas J},
  booktitle={Computer Graphics Forum},
  volume={37},
  pages={147--160},
  year={2018},
  organization={Wiley Online Library}
}

@article{jakob2015instant,
 title={Instant field-aligned meshes},
 author={Jakob, Wenzel and Tarini, Marco and Panozzo, Daniele and Sorkine-Hornung, Olga},
 journal = {ACM Transactions on Graphics},
 issue_date = {November 2015},
 volume = {34},
 number = {6},
 month = oct,
 year = {2015},
 pages = {189:1--189:15},
 articleno = {189}
}

@inproceedings{burley2008ptex,
  title={Ptex: Per-face texture mapping for production rendering},
  author={Burley, Brent and Lacewell, Dylan},
  booktitle={Computer Graphics Forum},
  volume={27},
  pages={1155--1164},
  year={2008},
  organization={Wiley Online Library}
}

@inproceedings{qi2017pointnet++,
  title={Pointnet++: Deep hierarchical feature learning on point sets in a metric space},
  author={Qi, Charles Ruizhongtai and Yi, Li and Su, Hao and Guibas, Leonidas J},
  booktitle={Advances in Neural Information Processing Systems},
  pages={5099--5108},
  year={2017}
}

@inproceedings{tatarchenko2018tangent,
  title={Tangent Convolutions for Dense Prediction in 3D},
  author={Tatarchenko, Maxim and Park, Jaesik and Koltun, Vladlen and Zhou, Qian-Yi},
  booktitle={Proceedings of the IEEE Conference on Computer Vision and Pattern Recognition},
  pages={3887--3896},
  year={2018}
}

@article{lai2010metric,
  title={Metric-driven {RoSy} field design and remeshing},
  author={Lai, Yu-Kun and Jin, Miao and Xie, Xuexiang and He, Ying and Palacios, Jonathan and Zhang, Eugene and Hu, Shi-Min and Gu, Xianfeng},
  journal={IEEE Transactions on Visualization and Computer Graphics},
  volume={16},
  number={1},
  pages={95--108},
  year={2010},
  publisher={IEEE}
}

@article{atzmon2018point,
  title={Point Convolutional Neural Networks by Extension Operators},
  author={Atzmon, Matan and Maron, Haggai and Lipman, Yaron},
  journal={arXiv preprint arXiv:1803.10091},
  year={2018}
}

@article{dai20183dmv,
  title={3DMV: Joint 3D-Multi-View Prediction for 3D Semantic Scene Segmentation},
  author={Dai, Angela and Nie{\ss}ner, Matthias},
  journal={arXiv preprint arXiv:1803.10409},
  year={2018}
}

@inproceedings{su2018splatnet,
  title={Splatnet: Sparse lattice networks for point cloud processing},
  author={Su, Hang and Jampani, Varun and Sun, Deqing and Maji, Subhransu and Kalogerakis, Evangelos and Yang, Ming-Hsuan and Kautz, Jan},
  booktitle={Proceedings of the IEEE Conference on Computer Vision and Pattern Recognition},
  pages={2530--2539},
  year={2018}
}

@article{chang2017matterport3d,
  title={Matterport3d: Learning from rgb-d data in indoor environments},
  author={Chang, Angel and Dai, Angela and Funkhouser, Thomas and Halber, Maciej and Nie{\ss}ner, Matthias and Savva, Manolis and Song, Shuran and Zeng, Andy and Zhang, Yinda},
  journal={arXiv preprint arXiv:1709.06158},
  year={2017}
}

@article{wang2018dynamic,
  title={Dynamic graph CNN for learning on point clouds},
  author={Wang, Yue and Sun, Yongbin and Liu, Ziwei and Sarma, Sanjay E and Bronstein, Michael M and Solomon, Justin M},
  journal={arXiv preprint arXiv:1801.07829},
  year={2018}
}

@inproceedings{masci2015geodesic,
  title={Geodesic convolutional neural networks on riemannian manifolds},
  author={Masci, Jonathan and Boscaini, Davide and Bronstein, Michael and Vandergheynst, Pierre},
  booktitle={Proceedings of the IEEE international conference on computer vision workshops},
  pages={37--45},
  year={2015}
}

@inproceedings{boscaini2016learning,
  title={Learning shape correspondence with anisotropic convolutional neural networks},
  author={Boscaini, Davide and Masci, Jonathan and Rodol{\`a}, Emanuele and Bronstein, Michael},
  booktitle={Advances in Neural Information Processing Systems},
  pages={3189--3197},
  year={2016}
}

@inproceedings{boscaini2016anisotropic,
  title={Anisotropic diffusion descriptors},
  author={Boscaini, Davide and Masci, Jonathan and Rodol{\`a}, Emanuele and Bronstein, Michael M and Cremers, Daniel},
  booktitle={Computer Graphics Forum},
  volume={35},
  pages={431--441},
  year={2016},
  organization={Wiley Online Library}
}

@inproceedings{monti2017geometric,
  title={Geometric deep learning on graphs and manifolds using mixture model CNNs},
  author={Monti, Federico and Boscaini, Davide and Masci, Jonathan and Rodola, Emanuele and Svoboda, Jan and Bronstein, Michael M},
  booktitle={Proc. CVPR},
  volume={1},
  pages={3},
  year={2017}
}

@inproceedings{su2015multi,
  title={Multi-view convolutional neural networks for 3d shape recognition},
  author={Su, Hang and Maji, Subhransu and Kalogerakis, Evangelos and Learned-Miller, Erik},
  booktitle={Proceedings of the IEEE international conference on computer vision},
  pages={945--953},
  year={2015}
}


@inproceedings{xu2017directionally,
  title={Directionally Convolutional Networks for 3D Shape Segmentation},
  author={Xu, Haotian and Dong, Ming and Zhong, Zichun},
  booktitle={Proceedings of the IEEE International Conference on Computer Vision},
  pages={2698--2707},
  year={2017}
}

@article{jiang2019spherical,
  title={Spherical CNNs on Unstructured Grids},
  author={Jiang, Chiyu and Huang, Jingwei and Kashinath, Karthik and Marcus, Philip and Niessner, Matthias and others},
  journal={arXiv preprint arXiv:1901.02039},
  year={2019}
}

@inproceedings{sinha2016deep,
  title={Deep learning 3D shape surfaces using geometry images},
  author={Sinha, Ayan and Bai, Jing and Ramani, Karthik},
  booktitle={European Conference on Computer Vision},
  pages={223--240},
  year={2016},
  organization={Springer}
}


@article{maron2017convolutional,
  title={Convolutional neural networks on surfaces via seamless toric covers},
  author={Maron, Haggai and Galun, Meirav and Aigerman, Noam and Trope, Miri and Dym, Nadav and Yumer, Ersin and Kim, Vladimir G and Lipman, Yaron},
  journal={ACM Trans. Graph},
  volume={36},
  number={4},
  pages={71},
  year={2017}
}

@inproceedings{su2017learning,
  title={Learning spherical convolution for fast features from 360 imagery},
  author={Su, Yu-Chuan and Grauman, Kristen},
  booktitle={Advances in Neural Information Processing Systems},
  pages={529--539},
  year={2017}
}

@inproceedings{
s2018spherical,
title={Spherical {CNN}s},
author={Taco S. Cohen and Mario Geiger and Jonas Köhler and Max Welling},
booktitle={International Conference on Learning Representations},
year={2018},
url={https://openreview.net/forum?id=Hkbd5xZRb},
}

@article{qi2017pointnet,
  title={Pointnet: Deep learning on point sets for 3d classification and segmentation},
  author={Qi, Charles R and Su, Hao and Mo, Kaichun and Guibas, Leonidas J},
  journal={Proc. Computer Vision and Pattern Recognition (CVPR), IEEE},
  volume={1},
  number={2},
  pages={4},
  year={2017}
}

@inproceedings{maturana2015voxnet,
  title={Voxnet: A 3d convolutional neural network for real-time object recognition},
  author={Maturana, Daniel and Scherer, Sebastian},
  booktitle={Intelligent Robots and Systems (IROS), 2015 IEEE/RSJ International Conference on},
  pages={922--928},
  year={2015},
  organization={IEEE}
}

@inproceedings{ronneberger2015u,
  title={U-net: Convolutional networks for biomedical image segmentation},
  author={Ronneberger, Olaf and Fischer, Philipp and Brox, Thomas},
  booktitle={International Conference on Medical image computing and computer-assisted intervention},
  pages={234--241},
  year={2015},
  organization={Springer}
}

@inproceedings{long2015fully,
  title={Fully convolutional networks for semantic segmentation},
  author={Long, Jonathan and Shelhamer, Evan and Darrell, Trevor},
  booktitle={Proceedings of the IEEE conference on computer vision and pattern recognition},
  pages={3431--3440},
  year={2015}
}

@inproceedings{he2017mask,
  title={Mask r-cnn},
  author={He, Kaiming and Gkioxari, Georgia and Doll{\'a}r, Piotr and Girshick, Ross},
  booktitle={Computer Vision (ICCV), 2017 IEEE International Conference on},
  pages={2980--2988},
  year={2017},
  organization={IEEE}
}

@inproceedings{huang2017densely,
  title={Densely connected convolutional networks.},
  author={Huang, Gao and Liu, Zhuang and Van Der Maaten, Laurens and Weinberger, Kilian Q},
  booktitle={CVPR},
  volume={1},
  pages={3},
  year={2017}
}

@article{lecun2010mnist,
  title={MNIST handwritten digit database},
  author={LeCun, Yann and Cortes, Corinna and Burges, CJ},
  journal={AT\&T Labs [Online]. Available: http://yann. lecun. com/exdb/mnist},
  volume={2},
  year={2010}
}
@article{wang2017cnn,
  title={O-cnn: Octree-based convolutional neural networks for 3d shape analysis},
  author={Wang, Peng-Shuai and Liu, Yang and Guo, Yu-Xiao and Sun, Chun-Yu and Tong, Xin},
  journal={ACM Transactions on Graphics (TOG)},
  volume={36},
  number={4},
  pages={72},
  year={2017},
  publisher={ACM}
}
@inproceedings{verma2018feastnet,
  title={Feastnet: Feature-steered graph convolutions for 3d shape analysis},
  author={Verma, Nitika and Boyer, Edmond and Verbeek, Jakob},
  booktitle={Proceedings of the IEEE Conference on Computer Vision and Pattern Recognition},
  pages={2598--2606},
  year={2018}
}
@inproceedings{groueix2018papier,
  title={A Papier-M{\^a}ch{\'e} Approach to Learning 3D Surface Generation},
  author={Groueix, Thibault and Fisher, Matthew and Kim, Vladimir G and Russell, Bryan C and Aubry, Mathieu},
  booktitle={Proceedings of the IEEE conference on computer vision and pattern recognition},
  pages={216--224},
  year={2018}
}

@article{huang2017dlight,
	title={3DLite: Towards Commodity 3D Scanning for Content Creation},
	author={Jingwei Huang and Angela Dai and Leonidas Guibas and Matthias Nie{\ss}ner},
	journal={ACM Transactions on Graphics 2017 (TOG)},
	year={2017}
}

@article{PatchBasedTextureMapping,
	author  = {Sai Bi and Nima Khademi Kalantari and Ravi Ramamoorthi},
	title   = {Patch-Based Optimization for Image-Based Texture Mapping},
	journal = {ACM Transactions on Graphics (Proceedings of SIGGRAPH 2017)},
	volume  = {36},
	number  = {4},
	year    = {2017},
}
@inproceedings{newcombe2011kinectfusion,
	title={KinectFusion: Real-Time Dense Surface Mapping and Tracking},
	author={Newcombe, Richard A. and Izadi, Shahram and Hilliges, Otmar and Molyneaux, David and Kim, David and Davison, Andrew J. and Kohli, Pushmeet and Shotton, Jamie and Hodges, Steve and Fitzgibbon, Andrew},
	booktitle={Mixed and Augmented Reality (ISMAR), 2011 10th IEEE International Symposium on},
	pages={127--136},
	year={2011},
	organization={IEEE}
}
@inproceedings{izadi2011kinectfusion,
	title={KinectFusion: real-time 3D reconstruction and interaction using a moving depth camera},
	author={Izadi, Shahram and Kim, David and Hilliges, Otmar and Molyneaux, David and Newcombe, Richard and Kohli, Pushmeet and Shotton, Jamie and Hodges, Steve and Freeman, Dustin and Davison, Andrew and others},
	booktitle={Proceedings of the 24th annual ACM symposium on User interface software and technology},
	pages={559--568},
	year={2011},
	organization={ACM}
}
@article{chen2013scalable,
	title={Scalable real-time volumetric surface reconstruction},
	author={Chen, Jiawen and Bautembach, Dennis and Izadi, Shahram},
	journal={ACM Transactions on Graphics (TOG)},
	volume={32},
	number={4},
	pages={113},
	year={2013},
	publisher={ACM}
}
@article{niessner2013real,
	title={Real-time 3D reconstruction at scale using voxel hashing},
	author={Nie{\ss}ner, Matthias and Zollh{\"o}fer, Michael and Izadi, Shahram and Stamminger, Marc},
	journal={ACM Transactions on Graphics (TOG)},
	volume={32},
	number={6},
	pages={169},
	year={2013},
	publisher={ACM}
}

@inproceedings{choi2015robust,
	title={Robust reconstruction of indoor scenes},
	author={Choi, Sungjoon and Zhou, Qian-Yi and Koltun, Vladlen},
	booktitle={Proceedings of the IEEE Conference on Computer Vision and Pattern Recognition},
	pages={5556--5565},
	year={2015}
}

@article{dai2016bundlefusion,
	title={BundleFusion: Real-time Globally Consistent 3D Reconstruction using On-the-fly Surface Re-integration},
	author={Dai, Angela and Nie{\ss}ner, Matthias and Zoll{\"o}fer, Michael and Izadi, Shahram and Theobalt, Christian},
	journal={ACM Transactions on Graphics 2017 (TOG)},
	year={2017}
}
@inproceedings{dzitsiuk2016noising,
	title={De-noising, Stabilizing and Completing {3D} Reconstructions On-the-go using Plane Priors},
	author={Dzitsiuk, M. and Sturm, J. and Maier, R. and Ma, L. and Cremers, D.},
	booktitle={International Conference on Robotics and Automation (ICRA)},
	year={2017},
	month={May},
}

@article{darabi2012image,
  title={Image melding: Combining inconsistent images using patch-based synthesis.},
  author={Darabi, Soheil and Shechtman, Eli and Barnes, Connelly and Goldman, Dan B and Sen, Pradeep},
  journal={ACM Trans. Graph.},
  volume={31},
  number={4},
  pages={82--1},
  year={2012},
  publisher={Citeseer}
}
@inproceedings{chew1987constrained,
  title={Constrained delaunay triangulations},
  author={Chew, L Paul},
  booktitle={Proceedings of the third annual symposium on Computational geometry},
  pages={215--222},
  year={1987},
  organization={ACM}
}
@inproceedings{ma2016cpa,
  title={Cpa-slam: Consistent plane-model alignment for direct rgb-d slam},
  author={Ma, Lingni and Kerl, Christian and St{\"u}ckler, J{\"o}rg and Cremers, Daniel},
  booktitle={Robotics and Automation (ICRA), 2016 IEEE International Conference on},
  pages={1285--1291},
  year={2016},
  organization={IEEE}
}
@article{silberman2012indoor,
  title={Indoor segmentation and support inference from rgbd images},
  author={Silberman, Nathan and Hoiem, Derek and Kohli, Pushmeet and Fergus, Rob},
  journal={Computer Vision--ECCV 2012},
  pages={746--760},
  year={2012},
  publisher={Springer}
}
@inproceedings{halber2016fine,
  title={Fine-To-Coarse Global Registration of RGB-D Scans},
  author={Halber, Maciej and Funkhouser, Thomas},
  booktitle = {Proc. Computer Vision and Pattern Recognition (CVPR), IEEE}, 
  year={2017}
}

@inproceedings{feng2014fast,
  title={Fast plane extraction in organized point clouds using agglomerative hierarchical clustering},
  author={Feng, Chen and Taguchi, Yuichi and Kamat, Vineet R},
  booktitle={Robotics and Automation (ICRA), 2014 IEEE International Conference on},
  pages={6218--6225},
  year={2014},
  organization={IEEE}
}
@inproceedings{dai2017complete,
  title={Shape Completion using 3D-Encoder-Predictor CNNs and Shape Synthesis},
  author={Dai, Angela and Qi, Charles Ruizhongtai and Nie{\ss}ner, Matthias},
  booktitle = {Proc. Computer Vision and Pattern Recognition (CVPR), IEEE},
  year = {2017}
}
@article{zhang2015online,
	title={Online structure analysis for real-time indoor scene reconstruction},
	author={Zhang, Yizhong and Xu, Weiwei and Tong, Yiying and Zhou, Kun},
	journal={ACM Transactions on Graphics (TOG)},
	volume={34},
	number={5},
	pages={159},
	year={2015},
	publisher={ACM}
}
@inproceedings{narayan2015optimized,
  title={Optimized color models for high-quality 3d scanning},
  author={Narayan, Karthik S and Abbeel, Pieter},
  booktitle={Intelligent Robots and Systems (IROS), 2015 IEEE/RSJ International Conference on},
  pages={2503--2510},
  year={2015},
  organization={IEEE}
}

@article{zhang2016emptying,
  title={Emptying, refurnishing, and relighting indoor spaces},
  author={Zhang, Edward and Cohen, Michael F and Curless, Brian},
  journal={ACM Transactions on Graphics (TOG)},
  volume={35},
  number={6},
  pages={174},
  year={2016},
  publisher={ACM}
}

@inproceedings{huang20176,
  title={6-DOF VR videos with a single 360-camera},
  author={Huang, Jingwei and Chen, Zhili and Ceylan, Duygu and Jin, Hailin},
  booktitle={Virtual Reality (VR), 2017 IEEE},
  pages={37--44},
  year={2017},
  organization={IEEE}
}
@article{hacohen2011non,
  title={Non-rigid dense correspondence with applications for image enhancement},
  author={HaCohen, Yoav and Shechtman, Eli and Goldman, Dan B and Lischinski, Dani},
  journal={ACM transactions on graphics (TOG)},
  volume={30},
  number={4},
  pages={70},
  year={2011},
  publisher={ACM}
}
@misc{ceres-solver,
  author = "Sameer Agarwal and Keir Mierle and Others",
  title = "Ceres Solver",
  howpublished = "\url{http://ceres-solver.org}",
}
@inproceedings{crete2007blur,
  title={The blur effect: perception and estimation with a new no-reference perceptual blur metric},
  author={Crete, Frederique and Dolmiere, Thierry and Ladret, Patricia and Nicolas, Marina},
  booktitle={Electronic Imaging 2007},
  pages={64920I--64920I},
  year={2007},
  organization={International Society for Optics and Photonics}
}
@article{vu2012bf,
  title={S3: A Spectral and Spatial Measure of Local Perceived Sharpness in Natural Images},
  author={Vu, Cuong T and Phan, Thien D and Chandler, Damon M},
  journal={IEEE Transactions on Image Processing},
  volume={21},
  number={3},
  pages={934--945},
  year={2012},
  publisher={IEEE}
}
@inproceedings{perez2003poisson,
  title={Poisson image editing},
  author={P{\'e}rez, Patrick and Gangnet, Michel and Blake, Andrew},
  booktitle={ACM Transactions on Graphics (TOG)},
  volume={22},
  pages={313--318},
  year={2003},
  organization={ACM}
}
@article{criminisi2004region,
  title={Region filling and object removal by exemplar-based image inpainting},
  author={Criminisi, Antonio and P{\'e}rez, Patrick and Toyama, Kentaro},
  journal={IEEE Transactions on image processing},
  volume={13},
  number={9},
  pages={1200--1212},
  year={2004},
  publisher={IEEE}
}
@article{wang2016unsupervised,
  title={Unsupervised texture transfer from images to model collections},
  author={Wang, Tuanfeng Y and Su, Hao and Huang, Qixing and Huang, Jingwei and Guibas, Leonidas and Mitra, Niloy J},
  journal={ACM Transactions on Graphics (TOG)},
  volume={35},
  number={6},
  pages={177},
  year={2016},
  publisher={ACM}
}

@article{barnes2009patchmatch,
  title={PatchMatch: A randomized correspondence algorithm for structural image editing},
  author={Barnes, Connelly and Shechtman, Eli and Finkelstein, Adam and Goldman, Dan},
  journal={ACM Transactions on Graphics-TOG},
  volume={28},
  number={3},
  pages={24},
  year={2009}
}
@inproceedings{pathak2016context,
  title={Context encoders: Feature learning by inpainting},
  author={Pathak, Deepak and Krahenbuhl, Philipp and Donahue, Jeff and Darrell, Trevor and Efros, Alexei A},
  booktitle={Proceedings of the IEEE Conference on Computer Vision and Pattern Recognition},
  pages={2536--2544},
  year={2016}
}
@article{yang2016high,
  author    = {Chao Yang and
               Xin Lu and
               Zhe Lin and
               Eli Shechtman and
               Oliver Wang and
               Hao Li},
  title     = {High-Resolution Image Inpainting using Multi-Scale Neural Patch Synthesis},
  journal   = {CoRR},
  volume    = {abs/1611.09969},
  year      = {2016},
  url       = {http://arxiv.org/abs/1611.09969},
  timestamp = {Thu, 01 Dec 2016 19:32:08 +0100},
  biburl    = {http://dblp.uni-trier.de/rec/bib/journals/corr/YangLLSWL16},
  bibsource = {dblp computer science bibliography, http://dblp.org}
}
@article{felzenszwalb2004efficient,
  title={Efficient graph-based image segmentation},
  author={Felzenszwalb, Pedro F and Huttenlocher, Daniel P},
  journal={International journal of computer vision},
  volume={59},
  number={2},
  pages={167--181},
  year={2004},
  publisher={Springer}
}
@article{su2016deep,
  title={Deep Video Deblurring},
  author={Su, Shuochen and Delbracio, Mauricio and Wang, Jue and Sapiro, Guillermo and Heidrich, Wolfgang and Wang, Oliver},
  journal={arXiv preprint arXiv:1611.08387},
  year={2016}
}
@inproceedings{decoret1999multi,
  title={Multi-layered impostors for accelerated rendering},
  author={Decoret, Xavier and Sillion, Fran{\^c}ois and Schaufler, Gernot and Dorsey, Julie},
  booktitle={Computer Graphics Forum},
  volume={18},
  pages={61--73},
  year={1999},
  organization={Wiley Online Library}
}
@inproceedings{salas2014dense,
	title={Dense planar SLAM},
	author={Salas-Moreno, Renato F and Glocken, Ben and Kelly, Paul HJ and Davison, Andrew J},
	booktitle={Mixed and Augmented Reality (ISMAR), 2014 IEEE International Symposium on},
	pages={157--164},
	year={2014},
	organization={IEEE}
}
@inproceedings{dou2012exploring,
	title={Exploring high-level plane primitives for indoor 3D reconstruction with a hand-held RGB-D camera},
	author={Dou, Mingsong and Guan, Li and Frahm, Jan-Michael and Fuchs, Henry},
	booktitle={Asian Conference on Computer Vision},
	pages={94--108},
	year={2012},
	organization={Springer}
}
@inproceedings{taguchi2013point,
	title={Point-plane SLAM for hand-held 3D sensors},
	author={Taguchi, Yuichi and Jian, Yong-Dian and Ramalingam, Srikumar and Feng, Chen},
	booktitle={Robotics and Automation (ICRA), 2013 IEEE International Conference on},
	pages={5182--5189},
	year={2013},
	organization={IEEE}
}
@article{johnson1999registration,
	title={Registration and integration of textured 3D data},
	author={Johnson, Andrew Edie and Kang, Sing Bing},
	journal={Image and vision computing},
	volume={17},
	number={2},
	pages={135--147},
	year={1999},
	publisher={Elsevier}
}

@inproceedings{pulli2005projective,
	title={Projective surface matching of colored 3D scans},
	author={Pulli, Kari and Piiroinen, Simo and Duchamp, Tom and Stuetzle, Werner},
	booktitle={3-D Digital Imaging and Modeling, 2005. 3DIM 2005. Fifth International Conference on},
	pages={531--538},
	year={2005},
	organization={IEEE}
}

@inproceedings{debevec2008recovering,
	title={Recovering high dynamic range radiance maps from photographs},
	author={Debevec, Paul E and Malik, Jitendra},
	booktitle={ACM SIGGRAPH 2008 classes},
	pages={31},
	year={2008},
	organization={ACM}
}
@inproceedings{goldman2005vignette,
	title={Vignette and exposure calibration and compensation},
	author={Goldman, Dan B and Chen, Jiun-Hung},
	booktitle={Computer Vision, 2005. ICCV 2005. Tenth IEEE International Conference on},
	volume={1},
	pages={899--906},
	year={2005},
	organization={IEEE}
}
@article{kim2008robust,
	title={Robust radiometric calibration and vignetting correction},
	author={Kim, Seon Joo and Pollefeys, Marc},
	journal={IEEE transactions on pattern analysis and machine intelligence},
	volume={30},
	number={4},
	pages={562--576},
	year={2008},
	publisher={IEEE}
}
@inproceedings{keller2013real,
	title={Real-time 3d reconstruction in dynamic scenes using point-based fusion},
	author={Keller, Maik and Lefloch, Damien and Lambers, Martin and Izadi, Shahram and Weyrich, Tim and Kolb, Andreas},
	booktitle={3DTV-Conference, 2013 International Conference on},
	pages={1--8},
	year={2013},
	organization={IEEE}
}
@inproceedings{neugebauer1999texturing,
	title={Texturing 3d models of real world objects from multiple unregistered photographic views},
	author={Neugebauer, Peter J and Klein, Konrad},
	booktitle={Computer Graphics Forum},
	volume={18},
	pages={245--256},
	year={1999},
	organization={Wiley Online Library}
}
@inproceedings{stamos20003d,
	title={3-D model construction using range and image data},
	author={Stamos, Ioannis and Allen, PE},
	booktitle={Computer Vision and Pattern Recognition, 2000. Proceedings. IEEE Conference on},
	volume={1},
	pages={531--536},
	year={2000},
	organization={IEEE}
}
@incollection{rocchini1999multiple,
	title={Multiple textures stitching and blending on 3D objects},
	author={Rocchini, Claudio and Cignoni, Paolo and Montani, Claudio and Scopigno, Roberto},
	booktitle={Rendering Techniques’ 99},
	pages={119--130},
	year={1999},
	publisher={Springer}
}

@inproceedings{sillion1997efficient,
  title={Efficient Impostor Manipulation for Real-Time Visualization of Urban Scenery},
  author={Sillion, Fran{\c{c}}ois and Drettakis, George and Bodelet, Benoit},
  booktitle={Computer Graphics Forum},
  volume={16},
  year={1997},
  organization={Wiley Online Library}
}


@misc{gurobi,
   author = {{Gurobi Optimization, Inc.}},
   title = "Gurobi Optimizer Reference Manual",
   year = 2016,
   url = "http://www.gurobi.com"
}
 
@inproceedings{bommes2009mixed,
  title={Mixed-integer quadrangulation},
  author={Bommes, David and Zimmer, Henrik and Kobbelt, Leif},
  booktitle={ACM Transactions On Graphics (TOG)},
  volume={28},
  pages={77},
  year={2009},
  organization={ACM}
}

@article{bommes2013integer,
  title={Integer-grid maps for reliable quad meshing},
  author={Bommes, David and Campen, Marcel and Ebke, Hans-Christian and Alliez, Pierre and Kobbelt, Leif},
  journal={ACM Transactions on Graphics (TOG)},
  volume={32},
  pages={98},
  year={2013},
  publisher={ACM}
}

@article{ebke2013qex,
  title={{QEx}: Robust quad mesh extraction},
  author={Ebke, Hans-Christian and Bommes, David and Campen, Marcel and Kobbelt, Leif},
  journal={ACM Transactions on Graphics (TOG)},
  volume={32},
  pages={168},
  year={2013},
  publisher={ACM}
}

@article{ebke2014level,
  title={Level-of-detail quad meshing},
  author={Ebke, Hans-Christian and Campen, Marcel and Bommes, David and Kobbelt, Leif},
  journal={ACM Transactions on Graphics (TOG)},
  volume={33},
  number={6},
  pages={184},
  year={2014},
  publisher={ACM}
}

@article{ebke2016interactively,
  title={Interactively controlled quad remeshing of high resolution {3D} models},
  author={Ebke, Hans-Christian and Schmidt, Patrick and Campen, Marcel and Kobbelt, Leif},
  journal={ACM Transactions on Graphics (TOG)},
  volume={35},
  number={6},
  pages={218},
  year={2016},
  publisher={ACM}
}

@article{boykov2004experimental,
  title={An experimental comparison of min-cut/max-flow algorithms for energy minimization in vision},
  author={Boykov, Yuri and Kolmogorov, Vladimir},
  journal={IEEE Transactions on Pattern Analysis and Machine Intelligence},
  volume={26},
  number={9},
  pages={1124--1137},
  year={2004},
  publisher={IEEE}
}

@article{edmonds1972theoretical,
  title={Theoretical improvements in algorithmic efficiency for network flow problems},
  author={Edmonds, Jack and Karp, Richard M},
  journal={Journal of the ACM},
  volume={19},
  number={2},
  pages={248--264},
  year={1972},
  publisher={ACM}
}

@inproceedings{bommes2013quad,
  title={Quad-mesh generation and processing: A survey},
  author={Bommes, David and L{\'e}vy, Bruno and Pietroni, Nico and Puppo, Enrico and Silva, Claudio and Tarini, Marco and Zorin, Denis},
  booktitle={Computer Graphics Forum},
  volume={32},
  pages={51--76},
  year={2013},
  organization={Wiley Online Library}
}

@article{huang2018robust,
  title={Robust Watertight Manifold Surface Generation Method for {ShapeNet} Models},
  author={Huang, Jingwei and Su, Hao and Guibas, Leonidas},
  journal={arXiv preprint arXiv:1802.01698},
  year={2018}
}


@misc{jacobson2013libigl,
  title = {{libigl}: A simple {C++} geometry processing library},
  author = {Alec Jacobson and Daniele Panozzo and others},
  note = {http://libigl.github.io/libigl/},
  year = {2017},
}

@article{orlin1997polynomial,
  title={A polynomial time primal network simplex algorithm for minimum cost flows},
  author={Orlin, James B},
  journal={Mathematical Programming},
  volume={78},
  number={2},
  pages={109--129},
  year={1997},
  publisher={Springer}
}

@article{freitag2000local,
  title={Local optimization-based simplicial mesh untangling and improvement},
  author={Freitag, Lori A and Plassmann, Paul and others},
  journal={International Journal for Numerical Methods in Engineering},
  volume={49},
  number={1},
  pages={109--125},
  year={2000},
  publisher={Citeseer}
}

@article{knupp1995mesh,
  title={Mesh generation using vector fields},
  author={Knupp, P},
  journal={Journal of Computational Physics},
  volume={119},
  number={1},
  pages={142--148},
  year={1995},
  publisher={Elsevier}
}

@article{ray2006periodic,
  title={Periodic global parameterization},
  author={Ray, Nicolas and Li, Wan Chiu and L{\'e}vy, Bruno and Sheffer, Alla and Alliez, Pierre},
  journal={ACM Transactions on Graphics (TOG)},
  volume={25},
  number={4},
  pages={1460--1485},
  year={2006},
  publisher={ACM}
}

@inproceedings{kalberer2007quadcover,
  title={QuadCover-Surface Parameterization using Branched Coverings},
  author={K{\"a}lberer, Felix and Nieser, Matthias and Polthier, Konrad},
  booktitle={Computer Graphics Forum},
  volume={26},
  pages={375--384},
  year={2007},
  organization={Wiley Online Library}
}

@article{catmull1978recursively,
  title={Recursively generated B-spline surfaces on arbitrary topological meshes},
  author={Catmull, Edwin and Clark, James},
  journal={Computer-Aided Design},
  volume={10},
  number={6},
  pages={350--355},
  year={1978},
  publisher={Elsevier}
}

@article{owen1999q,
  title={{Q-Morph}: {An} indirect approach to advancing front quad meshing},
  author={Owen, Steven J. and Staten, Matthew L. and Canann, Scott A. and Saigal, Sunil},
  journal={International Journal for Numerical Methods in Engineering},
  volume={44},
  number={9},
  pages={1317--1340},
  year={1999}
}

@article{daniels2008quadrilateral,
  title={Quadrilateral mesh simplification},
  author={Daniels, Joel and Silva, Cl{\'a}udio T and Shepherd, Jason and Cohen, Elaine},
  journal={ACM Transactions on Graphics (TOG)},
  volume={27},
  number={5},
  pages={148},
  year={2008},
  publisher={ACM}
}
@inproceedings{daniels2009localized,
  title={Localized quadrilateral coarsening},
  author={Daniels, Joel and Silva, Claudio T and Cohen, Elaine},
  booktitle={Computer Graphics Forum},
  volume={28},
  number={5},
  pages={1437--1444},
  year={2009},
  organization={Wiley Online Library}
}
@inproceedings{tarini2010practical,
  title={Practical quad mesh simplification},
  author={Tarini, Marco and Pietroni, Nico and Cignoni, Paolo and Panozzo, Daniele and Puppo, Enrico},
  booktitle={Computer Graphics Forum},
  volume={29},
  pages={407--418},
  year={2010},
  organization={Wiley Online Library}
}
@inproceedings{gurung2011squad,
  title={{SQuad}: {Compact} representation for triangle meshes},
  author={Gurung, Topraj and Laney, Daniel and Lindstrom, Peter and Rossignac, Jarek},
  booktitle={Computer Graphics Forum},
  volume={30},
  pages={355--364},
  year={2011},
  organization={Wiley Online Library}
}
@article{velho20014,
  title={4--8 Subdivision},
  author={Velho, Luiz and Zorin, Denis},
  journal={Computer Aided Geometric Design},
  volume={18},
  number={5},
  pages={397--427},
  year={2001},
  publisher={Elsevier}
}
@article{remacle2012blossom,
  title={{Blossom-Quad}: {A} non-uniform quadrilateral mesh generator using a minimum-cost perfect-matching algorithm},
  author={Remacle, J-F and Lambrechts, Jonathan and Seny, Bruno and Marchandise, Emilie and Johnen, Amaury and Geuzainet, C},
  journal={International Journal for Numerical Methods in Engineering},
  volume={89},
  number={9},
  pages={1102--1119},
  year={2012},
  publisher={Wiley Online Library}
}
@article{flo97,
  title={Parametrization and smooth approximation of surface triangulations},
  author={Floater, Michael S},
  journal={Computer Aided Geometric Design},
  volume={14},
  number={3},
  pages={231--250},
  year={1997},
  publisher={Elsevier}
}
@inproceedings{cohen2003restricted,
  title={Restricted {D}elaunay triangulations and normal cycle},
  author={Cohen-Steiner, David and Morvan, Jean-Marie},
  booktitle={Proceedings of the Nineteenth Annual Symposium on Computational Geometry},
  pages={312--321},
  year={2003},
  organization={ACM}
}
@article{cazals2005estimating,
  title={Estimating differential quantities using polynomial fitting of osculating jets},
  author={Cazals, Fr{\'e}d{\'e}ric and Pouget, Marc},
  journal={Computer Aided Geometric Design},
  volume={22},
  number={2},
  pages={121--146},
  year={2005},
  publisher={Elsevier}
}

@inproceedings{hertzmann2000illustrating,
  title={Illustrating smooth surfaces},
  author={Hertzmann, Aaron and Zorin, Denis},
  booktitle={Proceedings of the 27th Annual Conference on Computer Graphics and Interactive Techniques},
  pages={517--526},
  year={2000},
  organization={ACM Press/Addison-Wesley Publishing Co.}
}
@article{ray2009geometry,
  title={Geometry-aware direction field processing},
  author={Ray, Nicolas and Vallet, Bruno and Alonso, Laurent and Levy, Bruno},
  journal={ACM Transactions on Graphics (TOG)},
  volume={29},
  number={1},
  pages={1},
  year={2009},
  publisher={ACM}
}
@inproceedings{crane2010trivial,
  title={Trivial connections on discrete surfaces},
  author={Crane, Keenan and Desbrun, Mathieu and Schr{\"o}der, Peter},
  booktitle={Computer Graphics Forum},
  volume={29},
  pages={1525--1533},
  year={2010},
  organization={Wiley Online Library}
}
@inproceedings{alliez2003anisotropic,
  title={Anisotropic polygonal remeshing},
  author={Alliez, Pierre and Cohen-Steiner, David and Devillers, Olivier and L{\'e}vy, Bruno and Desbrun, Mathieu},
  booktitle={ACM Transactions on Graphics (TOG)},
  volume={22},
  pages={485--493},
  year={2003},
  organization={ACM}
}
@inproceedings{lai2008incremental,
  title={An incremental approach to feature aligned quad dominant remeshing},
  author={Lai, Yu-Kun and Kobbelt, Leif and Hu, Shi-Min},
  booktitle={Proceedings of the 2008 ACM Symposium on Solid and Physical Modeling},
  pages={137--145},
  year={2008},
  organization={ACM}
}
@article{knoppel2013globally,
  title={Globally optimal direction fields},
  author={Kn{\"o}ppel, Felix and Crane, Keenan and Pinkall, Ulrich and Schr{\"o}der, Peter},
  journal={ACM Transactions on Graphics (TOG)},
  volume={32},
  number={4},
  pages={59},
  year={2013},
  publisher={ACM}
}
@article{klein1967primal,
  title={A primal method for minimal cost flows with applications to the assignment and transportation problems},
  author={Klein, Morton},
  journal={Management Science},
  volume={14},
  number={3},
  pages={205--220},
  year={1967},
  publisher={INFORMS}
}
@article{panozzo2014frame,
  title={Frame fields: Anisotropic and non-orthogonal cross fields},
  author={Panozzo, Daniele and Puppo, Enrico and Tarini, Marco and Sorkine-Hornung, Olga},
  journal={ACM Transactions on Graphics (TOG)},
  volume={33},
  number={4},
  pages={134},
  year={2014},
  publisher={ACM}
}
@inproceedings{diamanti2014designing,
  title={Designing $N$-{PolyVector} Fields with Complex Polynomials},
  author={Diamanti, Olga and Vaxman, Amir and Panozzo, Daniele and Sorkine-Hornung, Olga},
  booktitle={Computer Graphics Forum},
  volume={33},
  pages={1--11},
  year={2014},
  organization={Wiley Online Library}
}
@article{jiang2015frame,
  title={Frame field generation through metric customization},
  author={Jiang, Tengfei and Fang, Xianzhong and Huang, Jin and Bao, Hujun and Tong, Yiying and Desbrun, Mathieu},
  journal={ACM Transactions on Graphics (TOG)},
  volume={34},
  number={4},
  pages={40},
  year={2015},
  publisher={ACM}
}
@article{myles2013controlled,
  title={Controlled-distortion constrained global parametrization},
  author={Myles, Ashish and Zorin, Denis},
  journal={ACM Transactions on Graphics (TOG)},
  volume={32},
  number={4},
  pages={105},
  year={2013},
  publisher={ACM}
}
@article{levi2014strict,
  title={Strict minimizers for geometric optimization},
  author={Levi, Zohar and Zorin, Denis},
  journal={ACM Transactions on Graphics (TOG)},
  volume={33},
  number={6},
  pages={185},
  year={2014},
  publisher={ACM}
}
@article{myles2014robust,
  title={Robust field-aligned global parametrization},
  author={Myles, Ashish and Pietroni, Nico and Zorin, Denis},
  journal={ACM Transactions on Graphics (TOG)},
  volume={33},
  number={4},
  pages={135},
  year={2014},
  publisher={ACM}
}
@article{diamanti2015integrable,
  title={Integrable {PolyVector} fields},
  author={Diamanti, Olga and Vaxman, Amir and Panozzo, Daniele and Sorkine-Hornung, Olga},
  journal={ACM Transactions on Graphics (TOG)},
  volume={34},
  number={4},
  pages={38},
  year={2015},
  publisher={ACM}
}
@inproceedings{liang2016learning,
  title={Learning rate based branching heuristic for {SAT} solvers},
  author={Liang, Jia Hui and Ganesh, Vijay and Poupart, Pascal and Czarnecki, Krzysztof},
  booktitle={International Conference on Theory and Applications of Satisfiability Testing},
  pages={123--140},
  year={2016},
  organization={Springer}
}

@article{campen2014dual,
  title={Dual strip weaving: Interactive design of quad layouts using elastica strips},
  author={Campen, Marcel and Kobbelt, Leif},
  journal={ACM Transactions on Graphics (TOG)},
  volume={33},
  number={6},
  pages={183},
  year={2014},
  publisher={ACM}
}

@article{campen2012dual,
  title={Dual loops meshing: quality quad layouts on manifolds},
  author={Campen, Marcel and Bommes, David and Kobbelt, Leif},
  journal={ACM Transactions on Graphics (TOG)},
  volume={31},
  pages={110},
  year={2012},
  publisher={ACM}
}

@article{dezsHo2011lemon,
  title={{LEMON}---An open source {C++} graph template library},
  author={Dezs{\H{o}}, Bal{\'a}zs and J{\"u}ttner, Alp{\'a}r and Kov{\'a}cs, P{\'e}ter},
  journal={Electronic Notes in Theoretical Computer Science},
  volume={264},
  number={5},
  pages={23--45},
  year={2011},
  publisher={Elsevier}
}

@inproceedings{dong2006spectral,
  title={Spectral surface quadrangulation},
  author={Dong, Shen and Bremer, Peer-Timo and Garland, Michael and Pascucci, Valerio and Hart, John C},
  booktitle={ACM Transactions on Graphics (TOG)},
  volume={25},
  pages={1057--1066},
  year={2006},
  organization={ACM}
}

@article{zhang2010wave,
  title={A wave-based anisotropic quadrangulation method},
  author={Zhang, Muyang and Huang, Jin and Liu, Xinguo and Bao, Hujun},
  journal={ACM Transactions on Graphics (TOG)},
  volume={29},
  number={4},
  pages={118},
  year={2010},
  publisher={ACM}
}

@article{ling2014spectral,
  title={Spectral quadrangulation with feature curve alignment and element size control},
  author={Ling, Ruotian and Huang, Jin and J{\"u}ttler, Bert and Sun, Feng and Bao, Hujun and Wang, Wenping},
  journal={ACM Transactions on Graphics (TOG)},
  volume={34},
  number={1},
  pages={11},
  year={2014},
  publisher={ACM}
}
@inproceedings{marinov2006robust,
  title={A Robust Two-Step Procedure for Quad-Dominant Remeshing},
  author={Marinov, Martin and Kobbelt, Leif},
  booktitle={Computer Graphics Forum},
  volume={25},
  pages={537--546},
  year={2006},
  organization={Wiley Online Library}
}
@article{Campen2015QGP,
 author = {Campen, Marcel and Bommes, David and Kobbelt, Leif},
 title = {Quantized Global Parametrization},
 journal = {ACM Transactions on Graphics},
 issue_date = {November 2015},
 volume = {34},
 number = {6},
 month = oct,
 year = {2015},
 issn = {0730-0301},
 pages = {192:1--192:12},
 articleno = {192},
 numpages = {12},
 acmid = {2818140},
 publisher = {ACM},
 address = {New York, NY, USA},
 keywords = {T-mesh, interval assignment, quad meshing, rounding},
} 

@article{chien2016bounded,
  title={Bounded distortion parametrization in the space of metrics},
  author={Chien, Edward and Levi, Zohar and Weber, Ofir},
  journal={ACM Transactions on Graphics (TOG)},
  volume={35},
  number={6},
  pages={215},
  year={2016},
  publisher={ACM}
}

@inproceedings{li2017two,
  title={A two-streamed network for estimating fine-scaled depth maps from single rgb images},
  author={Li, Jun and Klein, Reinhard and Yao, Angela},
  booktitle={Proceedings of the IEEE International Conference on Computer Vision},
  pages={3372--3380},
  year={2017}
}

@inproceedings{xu2017multi,
  title={Multi-scale continuous crfs as sequential deep networks for monocular depth estimation},
  author={Xu, Dan and Ricci, Elisa and Ouyang, Wanli and Wang, Xiaogang and Sebe, Nicu},
  booktitle={Proceedings of the IEEE Conference on Computer Vision and Pattern Recognition},
  pages={5354--5362},
  year={2017}
}
@inproceedings{wang2018adaptive,
  title={Adaptive O-CNN: a patch-based deep representation of 3D shapes},
  author={Wang, Peng-Shuai and Sun, Chun-Yu and Liu, Yang and Tong, Xin},
  booktitle={SIGGRAPH Asia 2018 Technical Papers},
  pages={217},
  year={2018},
  organization={ACM}
}
@inproceedings{shelhamer2015scene,
  title={Scene intrinsics and depth from a single image},
  author={Shelhamer, Evan and Barron, Jonathan T and Darrell, Trevor},
  booktitle={Proceedings of the IEEE International Conference on Computer Vision Workshops},
  pages={37--44},
  year={2015}
}

@inproceedings{eigen2015predicting,
  title={Predicting depth, surface normals and semantic labels with a common multi-scale convolutional architecture},
  author={Eigen, David and Fergus, Rob},
  booktitle={Proceedings of the IEEE international conference on computer vision},
  pages={2650--2658},
  year={2015}
}
@inproceedings{wang2015designing,
  title={Designing deep networks for surface normal estimation},
  author={Wang, Xiaolong and Fouhey, David and Gupta, Abhinav},
  booktitle={Proceedings of the IEEE Conference on Computer Vision and Pattern Recognition},
  pages={539--547},
  year={2015}
}
@inproceedings{bansal2016marr,
  title={Marr revisited: 2d-3d alignment via surface normal prediction},
  author={Bansal, Aayush and Russell, Bryan and Gupta, Abhinav},
  booktitle={Proceedings of the IEEE conference on computer vision and pattern recognition},
  pages={5965--5974},
  year={2016}
}
@inproceedings{qi2018geonet,
  title={Geonet: Geometric neural network for joint depth and surface normal estimation},
  author={Qi, Xiaojuan and Liao, Renjie and Liu, Zhengzhe and Urtasun, Raquel and Jia, Jiaya},
  booktitle={Proceedings of the IEEE Conference on Computer Vision and Pattern Recognition},
  pages={283--291},
  year={2018}
}
@article{ndjiki2011depth,
  title={Depth image-based rendering with advanced texture synthesis for 3-D video},
  author={Ndjiki-Nya, Patrick and Koppel, Martin and Doshkov, Dimitar and Lakshman, Haricharan and Merkle, Philipp and Muller, Karsten and Wiegand, Thomas},
  journal={IEEE Transactions on Multimedia},
  volume={13},
  number={3},
  pages={453--465},
  year={2011},
  publisher={IEEE}
}
@inproceedings{zhang2018deep,
  title={Deep depth completion of a single rgb-d image},
  author={Zhang, Yinda and Funkhouser, Thomas},
  booktitle={Proceedings of the IEEE Conference on Computer Vision and Pattern Recognition},
  pages={175--185},
  year={2018}
}
@article{lowe2004distinctive,
  title={Distinctive image features from scale-invariant keypoints},
  author={Lowe, David G},
  journal={International journal of computer vision},
  volume={60},
  number={2},
  pages={91--110},
  year={2004},
  publisher={Springer}
}
@article{brown2007automatic,
  title={Automatic panoramic image stitching using invariant features},
  author={Brown, Matthew and Lowe, David G},
  journal={International journal of computer vision},
  volume={74},
  number={1},
  pages={59--73},
  year={2007},
  publisher={Springer}
}
@inproceedings{huang20176,
  title={6-DOF VR videos with a single 360-camera},
  author={Huang, Jingwei and Chen, Zhili and Ceylan, Duygu and Jin, Hailin},
  booktitle={2017 IEEE Virtual Reality (VR)},
  pages={37--44},
  year={2017},
  organization={IEEE}
}
@inproceedings{huang2018texturenet,
  title={Texturenet: Consistent local parametrizations for learning from high-resolution signals on meshes},
  author={Huang, Jingwei and Zhang, Haotian and Yi, Li and Funkhouser, Thomas and Nie{\ss}ner, Matthias and Guibas, Leonidas J},
  booktitle={Proceedings of the IEEE Conference on Computer Vision and Pattern Recognition},
  pages={4440--4449},
  year={2019}
}

@article{whelan2016elasticfusion,
  title={ElasticFusion: Real-time dense SLAM and light source estimation},
  author={Whelan, Thomas and Salas-Moreno, Renato F and Glocker, Ben and Davison, Andrew J and Leutenegger, Stefan},
  journal={The International Journal of Robotics Research},
  volume={35},
  number={14},
  pages={1697--1716},
  year={2016},
  publisher={SAGE Publications Sage UK: London, England}
}

@inproceedings{lorensen1987marching,
  title={Marching cubes: A high resolution 3D surface construction algorithm},
  author={Lorensen, William E and Cline, Harvey E},
  booktitle={ACM siggraph computer graphics},
  volume={21},
  number={4},
  pages={163--169},
  year={1987},
  organization={ACM}
}

@article{heckbert1986survey,
  title={Survey of texture mapping},
  author={Heckbert, Paul S},
  journal={IEEE computer graphics and applications},
  volume={6},
  number={11},
  pages={56--67},
  year={1986},
  publisher={IEEE}
}


@article{wang2018dynamic,
  title={Dynamic graph CNN for learning on point clouds},
  author={Wang, Yue and Sun, Yongbin and Liu, Ziwei and Sarma, Sanjay E and Bronstein, Michael M and Solomon, Justin M},
  journal={arXiv preprint arXiv:1801.07829},
  year={2018}
}

@inproceedings{    
anonymous2019spherical,    
title={Spherical CNNs on Unstructured Grids},    
author={Anonymous},    
booktitle={Submitted to International Conference on Learning Representations}, 
year={2019},    
url={https://openreview.net/forum?id=Bkl-43C9FQ},    
note={under review}    
}

@inproceedings{sinha2016deep,
  title={Deep learning 3D shape surfaces using geometry images},
  author={Sinha, Ayan and Bai, Jing and Ramani, Karthik},
  booktitle={European Conference on Computer Vision},
  pages={223--240},
  year={2016},
  organization={Springer}
}


@article{maron2017convolutional,
  title={Convolutional neural networks on surfaces via seamless toric covers},
  author={Maron, Haggai and Galun, Meirav and Aigerman, Noam and Trope, Miri and Dym, Nadav and Yumer, Ersin and Kim, Vladimir G and Lipman, Yaron},
  journal={ACM Trans. Graph},
  volume={36},
  number={4},
  pages={71},
  year={2017}
}

@inproceedings{su2017learning,
  title={Learning spherical convolution for fast features from 360 imagery},
  author={Su, Yu-Chuan and Grauman, Kristen},
  booktitle={Advances in Neural Information Processing Systems},
  pages={529--539},
  year={2017}
}

@inproceedings{
s2018spherical,
title={Spherical {CNN}s},
author={Taco S. Cohen and Mario Geiger and Jonas Köhler and Max Welling},
booktitle={International Conference on Learning Representations},
year={2018},
url={https://openreview.net/forum?id=Hkbd5xZRb},
}

@article{torralba2002depth,
  title={Depth estimation from image structure},
  author={Torralba, Antonio and Oliva, Aude},
  journal={IEEE Transactions on pattern analysis and machine intelligence},
  volume={24},
  number={9},
  pages={1226--1238},
  year={2002},
  publisher={IEEE}
}
@inproceedings{saxena2006learning,
  title={Learning depth from single monocular images},
  author={Saxena, Ashutosh and Chung, Sung H and Ng, Andrew Y},
  booktitle={Advances in neural information processing systems},
  pages={1161--1168},
  year={2006}
}
@article{hoiem2007recovering,
  title={Recovering surface layout from an image},
  author={Hoiem, Derek and Efros, Alexei A and Hebert, Martial},
  journal={International Journal of Computer Vision},
  volume={75},
  number={1},
  pages={151--172},
  year={2007},
  publisher={Springer}
}
@article{shi2015break,
  title={Break ames room illusion: depth from general single images},
  author={Shi, Jianping and Tao, Xin and Xu, Li and Jia, Jiaya},
  journal={ACM Transactions on Graphics (TOG)},
  volume={34},
  number={6},
  pages={225},
  year={2015},
  publisher={ACM}
}
@inproceedings{eigen2014depth,
  title={Depth map prediction from a single image using a multi-scale deep network},
  author={Eigen, David and Puhrsch, Christian and Fergus, Rob},
  booktitle={Advances in neural information processing systems},
  pages={2366--2374},
  year={2014}
}
@article{simonyan2014very,
  title={Very deep convolutional networks for large-scale image recognition},
  author={Simonyan, Karen and Zisserman, Andrew},
  journal={arXiv preprint arXiv:1409.1556},
  year={2014}
}
@inproceedings{he2016deep,
  title={Deep residual learning for image recognition},
  author={He, Kaiming and Zhang, Xiangyu and Ren, Shaoqing and Sun, Jian},
  booktitle={Proceedings of the IEEE conference on computer vision and pattern recognition},
  pages={770--778},
  year={2016}
}
@inproceedings{garg2016unsupervised,
  title={Unsupervised cnn for single view depth estimation: Geometry to the rescue},
  author={Garg, Ravi and BG, Vijay Kumar and Carneiro, Gustavo and Reid, Ian},
  booktitle={European Conference on Computer Vision},
  pages={740--756},
  year={2016},
  organization={Springer}
}
@inproceedings{xie2016deep3d,
  title={Deep3d: Fully automatic 2d-to-3d video conversion with deep convolutional neural networks},
  author={Xie, Junyuan and Girshick, Ross and Farhadi, Ali},
  booktitle={European Conference on Computer Vision},
  pages={842--857},
  year={2016},
  organization={Springer}
}
@inproceedings{fu2018deep,
  title={Deep ordinal regression network for monocular depth estimation},
  author={Fu, Huan and Gong, Mingming and Wang, Chaohui and Batmanghelich, Kayhan and Tao, Dacheng},
  booktitle={Proceedings of the IEEE Conference on Computer Vision and Pattern Recognition},
  pages={2002--2011},
  year={2018}
}
@article{geiger2013vision,
  title={Vision meets robotics: The KITTI dataset},
  author={Geiger, Andreas and Lenz, Philip and Stiller, Christoph and Urtasun, Raquel},
  journal={The International Journal of Robotics Research},
  volume={32},
  number={11},
  pages={1231--1237},
  year={2013},
  publisher={Sage Publications Sage UK: London, England}
}
@inproceedings{wang2016surge,
  title={Surge: Surface regularized geometry estimation from a single image},
  author={Wang, Peng and Shen, Xiaohui and Russell, Bryan and Cohen, Scott and Price, Brian and Yuille, Alan L},
  booktitle={Advances in Neural Information Processing Systems},
  pages={172--180},
  year={2016}
}
@inproceedings{bay2006surf,
  title={Surf: Speeded up robust features},
  author={Bay, Herbert and Tuytelaars, Tinne and Van Gool, Luc},
  booktitle={European conference on computer vision},
  pages={404--417},
  year={2006},
  organization={Springer}
}
@article{tola2010daisy,
  title={Daisy: An efficient dense descriptor applied to wide-baseline stereo},
  author={Tola, Engin and Lepetit, Vincent and Fua, Pascal},
  journal={IEEE transactions on pattern analysis and machine intelligence},
  volume={32},
  number={5},
  pages={815--830},
  year={2010},
  publisher={IEEE}
}
@inproceedings{han2015matchnet,
  title={Matchnet: Unifying feature and metric learning for patch-based matching},
  author={Han, Xufeng and Leung, Thomas and Jia, Yangqing and Sukthankar, Rahul and Berg, Alexander C},
  booktitle={Proceedings of the IEEE Conference on Computer Vision and Pattern Recognition},
  pages={3279--3286},
  year={2015}
}
@inproceedings{zagoruyko2015learning,
  title={Learning to compare image patches via convolutional neural networks},
  author={Zagoruyko, Sergey and Komodakis, Nikos},
  booktitle={Proceedings of the IEEE conference on computer vision and pattern recognition},
  pages={4353--4361},
  year={2015}
}
@inproceedings{simo2015discriminative,
  title={Discriminative learning of deep convolutional feature point descriptors},
  author={Simo-Serra, Edgar and Trulls, Eduard and Ferraz, Luis and Kokkinos, Iasonas and Fua, Pascal and Moreno-Noguer, Francesc},
  booktitle={Proceedings of the IEEE International Conference on Computer Vision},
  pages={118--126},
  year={2015}
}
@inproceedings{yi2016lift,
  title={Lift: Learned invariant feature transform},
  author={Yi, Kwang Moo and Trulls, Eduard and Lepetit, Vincent and Fua, Pascal},
  booktitle={European Conference on Computer Vision},
  pages={467--483},
  year={2016},
  organization={Springer}
}
@article{aanaes2012interesting,
  title={Interesting interest points},
  author={Aan{\ae}s, Henrik and Dahl, Anders Lindbjerg and Pedersen, Kim Steenstrup},
  journal={International Journal of Computer Vision},
  volume={97},
  number={1},
  pages={18--35},
  year={2012},
  publisher={Springer}
}
@article{yu2011asift,
  title={ASIFT: An algorithm for fully affine invariant comparison},
  author={Yu, Guoshen and Morel, Jean-Michel},
  journal={Image Processing On Line},
  volume={1},
  pages={11--38},
  year={2011}
}

@article{wang2019normalized,
  title={Normalized Object Coordinate Space for Category-Level 6D Object Pose and Size Estimation},
  author={Wang, He and Sridhar, Srinath and Huang, Jingwei and Valentin, Julien and Song, Shuran and Guibas, Leonidas J},
  journal={arXiv preprint arXiv:1901.02970},
  year={2019}
}



@article{freitag2000local,
  title={Local optimization-based simplicial mesh untangling and improvement},
  author={Freitag, Lori A and Plassmann, Paul and others},
  journal={International Journal for Numerical Methods in Engineering},
  volume={49},
  number={1},
  pages={109--125},
  year={2000},
  publisher={Citeseer}
}


@article{catmull1978recursively,
  title={Recursively generated B-spline surfaces on arbitrary topological meshes},
  author={Catmull, Edwin and Clark, James},
  journal={Computer-Aided Design},
  volume={10},
  number={6},
  pages={350--355},
  year={1978},
  publisher={Elsevier}
}


@article{daniels2008quadrilateral,
  title={Quadrilateral mesh simplification},
  author={Daniels, Joel and Silva, Cl{\'a}udio T and Shepherd, Jason and Cohen, Elaine},
  journal={ACM Transactions on Graphics (TOG)},
  volume={27},
  number={5},
  pages={148},
  year={2008},
  publisher={ACM}
}
@inproceedings{daniels2009localized,
  title={Localized quadrilateral coarsening},
  author={Daniels, Joel and Silva, Claudio T and Cohen, Elaine},
  booktitle={Computer Graphics Forum},
  volume={28},
  number={5},
  pages={1437--1444},
  year={2009},
  organization={Wiley Online Library}
}
@article{flo97,
  title={Parametrization and smooth approximation of surface triangulations},
  author={Floater, Michael S},
  journal={Computer Aided Geometric Design},
  volume={14},
  number={3},
  pages={231--250},
  year={1997},
  publisher={Elsevier}
}
@article{panozzo2014frame,
  title={Frame fields: Anisotropic and non-orthogonal cross fields},
  author={Panozzo, Daniele and Puppo, Enrico and Tarini, Marco and Sorkine-Hornung, Olga},
  journal={ACM Transactions on Graphics (TOG)},
  volume={33},
  number={4},
  pages={134},
  year={2014},
  publisher={ACM}
}

@article{campen2014dual,
  title={Dual strip weaving: Interactive design of quad layouts using elastica strips},
  author={Campen, Marcel and Kobbelt, Leif},
  journal={ACM Transactions on Graphics (TOG)},
  volume={33},
  number={6},
  pages={183},
  year={2014},
  publisher={ACM}
}

@article{campen2012dual,
  title={Dual loops meshing: quality quad layouts on manifolds},
  author={Campen, Marcel and Bommes, David and Kobbelt, Leif},
  journal={ACM Transactions on Graphics (TOG)},
  volume={31},
  number={4},
  pages={110},
  year={2012},
  publisher={ACM}
}


@inproceedings{rublee2011orb,
  title={ORB: An efficient alternative to SIFT or SURF.},
  author={Rublee, Ethan and Rabaud, Vincent and Konolige, Kurt and Bradski, Gary R},
  booktitle={ICCV},
  volume={11},
  pages={2},
  year={2011},
  organization={Citeseer}
}
@inproceedings{leutenegger2011brisk,
  title={BRISK: Binary robust invariant scalable keypoints},
  author={Leutenegger, Stefan and Chli, Margarita and Siegwart, Roland},
  booktitle={2011 IEEE international conference on computer vision (ICCV)},
  pages={2548--2555},
  year={2011},
  organization={Ieee}
}
@article{balntas2016pn,
  title={PN-Net: Conjoined triple deep network for learning local image descriptors},
  author={Balntas, Vassileios and Johns, Edward and Tang, Lilian and Mikolajczyk, Krystian},
  journal={arXiv preprint arXiv:1601.05030},
  year={2016}
}
@InProceedings{framenet,
author = {Huang, Jingwei and Zhou, Yichao and Funkhouser, Thomas and Guibas, Leonidas J.},
title = {FrameNet: Learning Local Canonical Frames of 3D Surfaces From a Single RGB Image},
booktitle = {The IEEE International Conference on Computer Vision (ICCV)},
month = {October},
year = {2019}
}

@article{huang2020adversarial,
  title={Adversarial Texture Optimization from RGB-D Scans},
  author={Huang, Jingwei and Thies, Justus and Dai, Angela and Kundu, Abhijit and Jiang, Chiyu Max and Guibas, Leonidas and Nie{\ss}ner, Matthias and Funkhouser, Thomas},
  journal={arXiv preprint arXiv:2003.08400},
  year={2020}
}

@inproceedings{Li:2015,
  title={Database-assisted object retrieval for real-time 3d reconstruction},
  author={Li, Yangyan and Dai, Angela and Guibas, Leonidas and Nie{\ss}ner, Matthias},
  booktitle={Computer Graphics Forum},
  volume={34},
  pages={435--446},
  year={2015},
  organization={Wiley Online Library}
}
@inproceedings{Avetisyan:2019,
  title={End-to-End CAD Model Retrieval and 9DoF Alignment in 3D Scans},
  author={Avetisyan, Armen and Dai, Angela and Nie{\ss}ner, Matthias},
  booktitle={Proceedings of the IEEE International Conference on Computer Vision},
  pages={2551--2560},
  year={2019}
}
@inproceedings{Avetisyan:2019:Scan2CAD,
  title={Scan2cad: Learning cad model alignment in rgb-d scans},
  author={Avetisyan, Armen and Dahnert, Manuel and Dai, Angela and Savva, Manolis and Chang, Angel X and Nie{\ss}ner, Matthias},
  booktitle={Proceedings of the IEEE Conference on Computer Vision and Pattern Recognition},
  pages={2614--2623},
  year={2019}
}
@inproceedings{Dahnert:2019,
  title={Joint Embedding of 3D Scan and CAD Objects},
  author={Dahnert, Manuel and Dai, Angela and Guibas, Leonidas J and Nie{\ss}ner, Matthias},
  booktitle={Proceedings of the IEEE International Conference on Computer Vision},
  pages={8749--8758},
  year={2019}
}